% Publications (not patents) were bulk exported from 
% the 'mypubs' library collection in Semantic Scholar:
%   https://www.semanticscholar.org/me/library/folder/145157

%-------------------------------------------------
% PATENTS (entered by hand)
%-------------------------------------------------

@patent{wooters2019,
  author       = {Wooters, Charles},
  title        = {Human-to-human conversation analysis},
  number       = 10515156,
  date         = {2019-12-24},
  holder       = {Verint Americas Inc.},
  type         = {patentus},
}

@patent{wooters2021,
  author       = {Wooters, Charles and Wegmann, Steven and Newman, Michael and Hall, David and Crawford, Jean and Gillick Laurence},
  title        = {Automatic Turn Delineation In Multi-turn Dialogue (Application)},
  number       = 20210158812,
  date         = {2021-05-27},
  holder       = {Microsoft Inc.},
  type         = {patentus},
}

@patent{brown2019,
  author       = {Brown, Fred and Snavely, Eli and Miller, Tanya and Wooters, Charles and Culley, Bryan},
  title        = {Conversation User Interface},
  number       = 10379712,
  date         = {2019-08-13},
  holder       = {Verint Americas Inc.},
  type         = {patentus},
}

@patent{wooters2018,
  author       = {Wooters, Charles},
  title        = {Automated Learning for Speech-based Applications},
  number       = 10102847,
  date         = {2018-10-16},
  holder       = {Verint Americas Inc.},
  type         = {patentus},
}

@patent{brown2015,
  author       = {Brown, Fred and Miller, Tanya and Wooters, Charles and Brown, Megan and Brown, Molly},
  title        = {Data clustering system and methods},
  number       = 9183285,
  date         = {2015-11-10},
  holder       = {Next IT Corporation},
  type         = {patentus},
}

@patent{wooters2013,
  author       = {Wooters, Charles},
  title        = {Automated Assistant for Customer Service Representatives},
  number       = 8605885,
  date         = {2013-12-10},
  holder       = {Next IT Corporation},
  type         = {patentus},
}


@patent{lindau2008,
  author       = {Lindau, Felicia and Wooters, Chuck and Beck, James},
  title        = {Acoustic Presentation System and Method},
  number       = 7451077,
  date         = {2008-11-11},
  holder       = {},
  type         = {patentus},
}

@patent{garudadri2006,
  author       = {Garudadri, Harinath and Sivadas, Sunil and Hermansky, Hynek and Morgan, Nelson and Wooters, Charles and Adami, Andre and Ortuzar, Maria Carmen Benitez and Burget, Lukas and Dupont, Stephane and Grezl, Frantisek and Jain, Pratibha and Kajarekar, Sachin and Motlicek, Petr},
  title        = {Multistream Network Feature Processing for a Distributed Speech Recognition System},
  number       = 7089178,
  date         = {2006-08-06},
  holder       = {Qualcomm Inc.},
  type         = {patentus},
}

%------------------------------------------------
% PUBLICATIONS
%------------------------------------------------

@inproceedings{Huijbregts2007FilteringTU,
  title={Filtering the unknown: speech activity detection in heterogeneous video collections},
  author={Marijn Huijbregts and Chuck Wooters and Roeland Ordelman},
  booktitle={INTERSPEECH},
  year={2007}
}

@inproceedings{Stolcke2008PROGRESSIM,
  title={Progress In Meeting Recognition: The ICSI-SRI-UW Spring 2004 Evaluation System},
  author={Andreas Stolcke and Chuck Wooters and Nikki Mirghafori and Tuomo W. Pirinen and Ivan Bulyko and David Gelbart and Martin Graciarena and Scott Otterson and Barbara Peskin and Mari Ostendorf},
  year={2008}
}

@inproceedings{Schneider2017TheNF,
  title={The NLTK FrameNet API: Designing for Discoverability with a Rich Linguistic Resource},
  author={Nathan Schneider and Chuck Wooters},
  booktitle={EMNLP},
  year={2017}
}

@inproceedings{Stolcke2007TheSS,
  title={The SRI-ICSI Spring 2007 Meeting and Lecture Recognition System},
  author={Andreas Stolcke and Xavier Anguera Mir{\'o} and Kofi Boakye and {\"O}zg{\"u}r Çetin and Adam L. Janin and Mathew Magimai.-Doss and Chuck Wooters and Jing Zheng},
  booktitle={CLEAR},
  year={2007}
}

@article{Mir2007ModelCS,
  title={Model Complexity Selection and Cross-Validation EM Training for Robust Speaker Diarization},
  author={Xavier Anguera Mir{\'o} and Takahiro Shinozaki and Chuck Wooters and Javier Hernando},
  journal={2007 IEEE International Conference on Acoustics, Speech and Signal Processing - ICASSP '07},
  year={2007},
  volume={4},
  pages={IV-273-IV-276}
}

@inproceedings{Wooters2004TOWARDSRS,
  title={Towards Robust Speaker Segmentation: The ICSI-SRI Fall 2004 Diarization System},
  author={Chuck Wooters and James G. Fung and Barbara Peskin and Xavier Sanahuja i Anguera},
  year={2004}
}

@inproceedings{Wooters2014ResearchTI,
  title={Research Trends in Speaker Diarization},
  booktitle={Multimodal Interactive Systems Management},
  editor={Bourlard, Herve and Popescu-Belis, Andrei},
  author={Chuck Wooters and Gerald Friedland},
  year={2014},
  publisher={CRC Press}
}

@article{Mir2007AcousticBF,
  title={Acoustic Beamforming for Speaker Diarization of Meetings},
  author={Xavier Anguera Mir{\'o} and Chuck Wooters and Javier Hernando},
  journal={IEEE Transactions on Audio, Speech, and Language Processing},
  year={2007},
  volume={15},
  pages={2011-2022}
}

@article{Garudadri2007MultistreamNF,
  title={Multistream network feature processing for a distributed speech recognition system},
  author={Harinath Garudadri and Sunil Sivadas and Hynek Hermansky and Nelson Morgan and Chuck Wooters and Andre Gustavo Adami and M. Carmen Ben{\'i}tez Ort{\'u}zar and Luk{\'a}s Burget and St{\'e}phane Dupont and Frantisek Gr{\'e}zl and Pratibha Jain and Sachin S. Kajarekar and Petr Motl{\'i}cek},
  journal={Journal of the Acoustical Society of America},
  year={2007},
  volume={121},
  pages={690}
}

@article{Wooters1991ConnectionistSR,
  title={Connectionist Speech Recognition: Status and Prospects},
  author={Chuck Wooters and Herv{\'e} Bourlard and Horacio Franco and Michael Cohen and Nelson Morgan and Phil Kohn and Steve Renals},
  journal={IEEE Transactions on Reliability},
  year={1991}
}

@inproceedings{Pardo2006SpeakerDF,
  title={Speaker Diarization for Multi-microphone Meetings Using Only Between-Channel Differences},
  author={Jos{\'e} Manuel Pardo and Xavier Anguera Mir{\'o} and Chuck Wooters},
  booktitle={MLMI},
  year={2006}
}

@inproceedings{Robinson1993ANN,
  title={A neural network based, speaker independent, large vocabulary, continuous speech recognition system: the WERNICKE project},
  author={Tony Robinson and Lu{\'i}s B. Almeida and Jean-Marc Boite and Herv{\'e} Bourlard and Frank Fallside and Mike Hochberg and Dan J. Kershaw and Phil Kohn and Yochai Konig and Nelson Morgan and Joao P. Neto and Steve Renals and Marco Saerens and Chuck Wooters},
  booktitle={EUROSPEECH},
  year={1993}
}

@inproceedings{Mir2005RobustSS,
  title={Robust Speaker Segmentation for Meetings: The ICSI-SRI Spring 2005 Diarization System},
  author={Xavier Anguera Mir{\'o} and Chuck Wooters and Barbara Peskin and Mateu Aguil{\'o}},
  booktitle={MLMI},
  year={2005}
}

@inproceedings{Morgan1991PhoneticCI,
  title={Phonetic context in hybrid HMM/MLP continuous speech recognition},
  author={Nelson Morgan and Herv{\'e} Bourlard and Chuck Wooters and Phil Kohn and Michael Cohen},
  booktitle={EUROSPEECH},
  year={1991}
}

@inproceedings{Anguera2006RobustSD,
  title={Robust Speaker Diarization for meetings},
  author={Xavier Anguera Mir{\'o} and Chuck Wooters and Jos{\'e} Manuel Pardo},
  year={2006}
}

@inproceedings{Colthurst2000The2B,
  title={The 2000 BBN Byblos LVCSR system},
  author={Thomas Colthurst and Owen Kimball and Fred Richardson and Han Shu and Chuck Wooters and Rukmini Iyer and Herbert Gish},
  booktitle={INTERSPEECH},
  year={2000}
}

@inproceedings{GallardoAntoln2006MultistreamSD,
  title={Multi-stream speaker diarization systems for the meetings domain},
  author={Ascensi{\'o}n Gallardo-Antol{\'i}n and Xavier Anguera Mir{\'o} and Chuck Wooters},
  booktitle={INTERSPEECH},
  year={2006}
}

@inproceedings{Fillmore2001BuildingAL,
  title={Building a Large Lexical Databank Which Provides Deep Semantics},
  author={Charles J. Fillmore and Chuck Wooters and Collin F. Baker},
  booktitle={PACLIC},
  year={2001}
}

@article{Mirghafori2006NutsAF,
  title={Nuts and Flakes: a Study of Data Characteristics in Speaker Diarization},
  author={Nikki Mirghafori and Chuck Wooters},
  journal={2006 IEEE International Conference on Acoustics Speech and Signal Processing Proceedings},
  year={2006},
  volume={1},
  pages={I-I}
}

@article{Morgan1991ContinuousSR,
  title={Continuous speech recognition using PLP analysis with multilayer perceptrons},
  author={Nelson Morgan and Hynek Hermansky and Herv{\'e} Bourlard and Phil Kohn and Chuck Wooters},
  journal={[Proceedings] ICASSP 91: 1991 International Conference on Acoustics, Speech, and Signal Processing},
  year={1991},
  pages={49-52 vol.1}
}

@inproceedings{Wooters1992AcousticSM,
  title={Acoustic subword models in the berkeley restaurant project},
  author={Chuck Wooters and N. Morgan},
  booktitle={ICSLP},
  year={1992}
}

@article{Byrne1998PronunciationMU,
  title={Pronunciation modelling using a hand-labelled corpus for conversational speech recognition},
  author={William J. Byrne and Michael Finke and Sanjeev Khudanpur and John W. McDonough and Harriet J. Nock and Michael Riley and Murat Saraçlar and Chuck Wooters and George Zavaliagkos},
  journal={Proceedings of the 1998 IEEE International Conference on Acoustics, Speech and Signal Processing, ICASSP '98 (Cat. No.98CH36181)},
  year={1998},
  volume={1},
  pages={313-316 vol.1}
}

@article{Morgan2003MeetingsAM,
  title={Meetings about meetings: research at ICSI on speech in multiparty conversations},
  author={Nelson Morgan and Don Baron and Sonali Bhagat and Hannah Carvey and Rajdip Dhillon and Jane Edwards and David Gelbart and Adam L. Janin and Ashley Krupski and Barbara Peskin and Thilo Pfau and Elizabeth Shriberg and Andreas Stolcke and Chuck Wooters},
  journal={2003 IEEE International Conference on Acoustics, Speech, and Signal Processing, 2003. Proceedings. (ICASSP '03).},
  year={2003},
  volume={4},
  pages={IV-740}
}

@inproceedings{Mir2006AutomaticCC,
  title={Automatic Cluster Complexity and Quantity Selection: Towards Robust Speaker Diarization},
  author={Xavier Anguera Mir{\'o} and Chuck Wooters and Javier Hernando},
  booktitle={MLMI},
  year={2006}
}

@inproceedings{Wooters1994MultiplepronunciationLM,
  title={Multiple-pronunciation lexical modeling in a speaker independent speech understanding system},
  author={Chuck Wooters and Andreas Stolcke},
  booktitle={ICSLP},
  year={1994}
}

@inproceedings{Mir2006RobustSD,
  title={Robust Speaker Diarization for Meetings: ICSI RT06S Meetings Evaluation System},
  author={Xavier Anguera Mir{\'o} and Chuck Wooters and Jos{\'e} Manuel Pardo},
  booktitle={MLMI},
  year={2006}
}

@inproceedings{Mir2006FriendsAE,
  title={Friends and enemies: a novel initialization for speaker diarization},
  author={Xavier Anguera Mir{\'o} and Chuck Wooters and Javier Hernando},
  booktitle={INTERSPEECH},
  year={2006}
}

@inproceedings{Pardo2006SpeakerDF,
  title={Speaker diarization for multiple distant microphone meetings: mixing acoustic features and inter-channel time differences},
  author={Jos{\'e} Manuel Pardo and Xavier Anguera Mir{\'o} and Chuck Wooters},
  booktitle={INTERSPEECH},
  year={2006}
}

@article{Plauch2006SpeechRF,
  title={Speech Recognition for Illiterate Access to Information and Technology},
  author={Madelaine Plauch{\'e} and Udhyakumar Nallasamy and Joyojeet Pal and Chuck Wooters and Divya Ramachandran},
  journal={2006 International Conference on Information and Communication Technologies and Development},
  year={2006},
  pages={83-92}
}

@inproceedings{Shu2000TheBB,
  title={The BBN Byblos 2000 conversational Mandarin LVCSR system},
  author={Han Shu and Chuck Wooters and Owen Kimball and Thomas Colthurst and Fred Richardson and Spyridon Matsoukas and Herbert Gish},
  booktitle={INTERSPEECH},
  year={2000}
}

@article{Sackier1997VoiceAO,
  title={Voice activation of a surgical robotic assistant.},
  author={Jonathan M. Sackier and Chuck Wooters and Lisa K. Jacobs and A. L. Halverson and D Uecker and Yulun Wang},
  journal={American journal of surgery},
  year={1997},
  volume={174 4},
  pages={
          406-9
        }
}

@inproceedings{Jurafsky1994TheBR,
  title={The berkeley restaurant project},
  author={Dan Jurafsky and Chuck Wooters and Gary N. Tajchman and Jonathan Segal and Andreas Stolcke and Eric Fosler-Lussier and Nelson Morgan},
  booktitle={ICSLP},
  year={1994}
}

@inproceedings{Janin2004TheIM,
  title={The ICSI Meeting Project: Resources and Research},
  author={Adam L. Janin and Jeremy Ang and Sonali Bhagat and Rajdip Dhillon and Jane Edwards and J. Marcias-Guarasa and Nelson Morgan and Barbara Peskin and Elizabeth Shriberg and Andreas Stolcke and Chuck Wooters and Britta Wrede},
  year={2004}
}

@inproceedings{Anguera2006FRAMEPF,
  title={Frame Purification For Cluster Comparison In Speaker Diarization},
  author={X. Anguera and Chuck Wooters and J. Hernando},
  year={2006}
}

@article{Huang2007AFA,
  title={A fast-match approach for robust, faster than real-time speaker diarization},
  author={Yan Huang and Oriol Vinyals and Gerald Friedland and Christian A. M{\"u}ller and Nikki Mirghafori and Chuck Wooters},
  journal={2007 IEEE Workshop on Automatic Speech Recognition \& Understanding (ASRU)},
  year={2007},
  pages={693-698}
}

@inproceedings{Ostendorf2007SpeechSA,
  title={Speech Segmentation and its Impact on Spoken Document Processing},
  author={Mari Ostendorf and Beno{\^i}t Favre and Ralph Grishman and Dilek Z. Hakkani-T{\"u}r and Mary P. Harper and Dustin Hillard and Julia Hirschberg and Heng Ji and Jeremy G. Kahn and Yanjun Liu and Sameer Maskey and Evgeny Matusov and Hermann Ney and Andrew Rosenberg and Elizabeth Shriberg and Weiqi Wang and Chuck Wooters},
  year={2007}
}

@article{Janin2003TheIM,
  title={The ICSI Meeting Corpus},
  author={Adam L. Janin and Don Baron and Jane Edwards and Daniel P. W. Ellis and David Gelbart and Nelson Morgan and Barbara Peskin and Thilo Pfau and Elizabeth Shriberg and Andreas Stolcke and Chuck Wooters},
  journal={2003 IEEE International Conference on Acoustics, Speech, and Signal Processing, 2003. Proceedings. (ICASSP '03).},
  year={2003},
  volume={1},
  pages={I-I}
}

@article{Pardo2007SpeakerDF,
  title={Speaker Diarization For Multiple-Distant-Microphone Meetings Using Several Sources of Information},
  author={Jos{\'e} Manuel Pardo and Xavier Anguera Mir{\'o} and Chuck Wooters},
  journal={IEEE Transactions on Computers},
  year={2007},
  volume={56},
  pages={1212-1224}
}

@article{Bourlard1992CDNNAC,
  title={CDNN: a context dependent neural network for continuous speech recognition},
  author={Herv{\'e} Bourlard and Nelson Morgan and Chuck Wooters and Steve Renals},
  journal={[Proceedings] ICASSP-92: 1992 IEEE International Conference on Acoustics, Speech, and Signal Processing},
  year={1992},
  volume={2},
  pages={349-352 vol.2}
}

@inproceedings{Stolcke2005FurtherPI,
  title={Further Progress in Meeting Recognition: The ICSI-SRI Spring 2005 Speech-to-Text Evaluation System},
  author={Andreas Stolcke and Xavier Anguera Mir{\'o} and Kofi Boakye and {\"O}zg{\"u}r Çetin and Frantisek Gr{\'e}zl and Adam L. Janin and Arindam Mandal and Barbara Peskin and Chuck Wooters and Jing Zheng},
  booktitle={MLMI},
  year={2005}
}

@article{Ostendorf2008SpeechSA,
  title={Speech segmentation and spoken document processing},
  author={Mari Ostendorf and Beno{\^i}t Favre and Ralph Grishman and Dilek Z. Hakkani-T{\"u}r and Mary P. Harper and Dustin Hillard and Julia Hirschberg and Heng Ji and Jeremy G. Kahn and Yang Liu and Sameer Maskey and Evgeny Matusov and Hermann Ney and Andrew Rosenberg and Elizabeth Shriberg and Wen Wang and Chuck Wooters},
  journal={IEEE Signal Processing Magazine},
  year={2008},
  volume={25}
}

@article{Riley1999StochasticPM,
  title={Stochastic pronunciation modelling from hand-labelled phonetic corpora},
  author={Michael Riley and William J. Byrne and Michael Finke and Sanjeev Khudanpur and Andrej Ljolje and John W. McDonough and Harriet J. Nock and Murat Saraçlar and Chuck Wooters and George Zavaliagkos},
  journal={Speech Commun.},
  year={1999},
  volume={29},
  pages={209-224}
}

@article{Huijbregts2012SpeakerDE,
  title={Speaker Diarization Error Analysis Using Oracle Components},
  author={Marijn Huijbregts and David A. van Leeuwen and Chuck Wooters},
  journal={IEEE Transactions on Audio, Speech, and Language Processing},
  year={2012},
  volume={20},
  pages={393-403}
}

@inproceedings{Bourlard1990ConnectionistAT,
  title={Connectionist Approaches to the Use of Markov Models for Speech Recognition},
  author={Herv{\'e} Bourlard and Nelson Morgan and Chuck Wooters},
  booktitle={NIPS},
  year={1990}
}

@article{Ajmera2003ARS,
  title={A robust speaker clustering algorithm},
  author={Jitendra Ajmera and Chuck Wooters},
  journal={2003 IEEE Workshop on Automatic Speech Recognition and Understanding (IEEE Cat. No.03EX721)},
  year={2003},
  pages={411-416}
}

@inproceedings{Stolcke2004FromST,
  title={From switchboard to meetings: development of the 2004 ICSI-SRI-UW meeting recognition system},
  author={Andreas Stolcke and Chuck Wooters and Ivan Bulyko and Martin Graciarena and Scott Otterson and Barbara Peskin and Mari Ostendorf and David Gelbart and Nikki Mirghafori and Tuomo W. Pirinen},
  booktitle={INTERSPEECH},
  year={2004}
}

@inproceedings{Wooters2007TheIR,
  title={The ICSI RT07s Speaker Diarization System},
  author={Chuck Wooters and Marijn Huijbregts},
  booktitle={CLEAR},
  year={2007}
}

@article{Byrne1997PronunciationMF,
  title={Pronunciation modelling for conversational speech recognition: a status report from WS97},
  author={Bill Byrne and Michael Finke and Sanjeev Khudanpur and John W. McDonough and Harriet J. Nock and Michael Riley and Murat Saraçlar and Chuck Wooters and George Zavaliagkos},
  journal={1997 IEEE Workshop on Automatic Speech Recognition and Understanding Proceedings},
  year={1997},
  pages={26-33}
}

@inproceedings{Shen1987ClosureDI,
  title={Closure Duration in the Classification of Stops: A statistical analysis},
  author={Z W Shen and Chuck Wooters and William S.-Y. Wang},
  year={1987}
}

@article{Mir2007AutomaticWF,
  title={Automatic Weighting for the Combination of TDOA and Acoustic Features in Speaker Diarization for Meetings},
  author={Xavier Anguera Mir{\'o} and Chuck Wooters and J. Pardo and J. Hernando},
  journal={2007 IEEE International Conference on Acoustics, Speech and Signal Processing - ICASSP '07},
  year={2007},
  volume={4},
  pages={IV-241-IV-244}
}

@inproceedings{Morgan1990ContinuousSR,
  title={Continuous speech recognition on the resource management database using connectionist probability estimation},
  author={Nelson Morgan and Chuck Wooters and Herv{\'e} Bourlard and Michael Cohen},
  booktitle={ICSLP},
  year={1990}
}

@inproceedings{Konig1992ModelingCI,
  title={Modeling Consistency in a Speaker Independent Continuous Speech Recognition System},
  author={Yochai Konig and Nelson Morgan and Chuck Wooters and Victor Abrash and Michael Cohen and Horacio Franco},
  booktitle={NIPS},
  year={1992}
}

@article{Mir2006HybridSD,
  title={Hybrid Speech/non-speech detector applied to Speaker Diarization of Meetings},
  author={Xavier Anguera Mir{\'o} and Mateu Aguil{\'o} and Chuck Wooters and Climent Nadeu and Javier Hernando},
  journal={2006 IEEE Odyssey - The Speaker and Language Recognition Workshop},
  year={2006},
  pages={1-6}
}

@article{Mir2006PurityAF,
  title={Purity Algorithms for Speaker Diarization of Meetings Data},
  author={Xavier Anguera Mir{\'o} and Chuck Wooters and Javier Hernando},
  journal={2006 IEEE International Conference on Acoustics Speech and Signal Processing Proceedings},
  year={2006},
  volume={1},
  pages={I-I}
}

@article{Jurafsky1995UsingAS,
  title={Using a stochastic context-free grammar as a language model for speech recognition},
  author={Dan Jurafsky and Chuck Wooters and Jonathan Segal and Andreas Stolcke and Eric Fosler-Lussier and Gary N. Tajchman and Nelson Morgan},
  journal={1995 International Conference on Acoustics, Speech, and Signal Processing},
  year={1995},
  volume={1},
  pages={189-192 vol.1}
}

@article{Morgan1991ExperimentsWT,
  title={Experiments with temporal resolution for continuous speech recognition with multi-layer perceptrons},
  author={Nelson Morgan and Chuck Wooters and Hynek Hermansky},
  journal={Neural Networks for Signal Processing Proceedings of the 1991 IEEE Workshop},
  year={1991},
  pages={405-410}
}

@inproceedings{Jurafsky1994IntegratingEM,
  title={Integrating Experimental Models of Syntax, Phonology, and Accent/Dialect in a Speech Recognizer},
  author={Dan Jurafsky and Chuck Wooters and Gary N. Tajchman and Jonathan Segal and Andreas Stolcke and Nelson Morgan},
  year={1994}
}

@inproceedings{Mir2006RobustSD,
  title={Robust speaker diarization for meetings: ICSI RT06s evaluation system},
  author={Xavier Anguera Mir{\'o} and Chuck Wooters and Jos{\'e} Manuel Pardo},
  booktitle={INTERSPEECH},
  year={2006}
}

@inproceedings{Huijbregts2007TheBG,
  title={The blame game: performance analysis of speaker diarization system components},
  author={Marijn Huijbregts and Chuck Wooters},
  booktitle={INTERSPEECH},
  year={2007}
}

@article{Wooters1992ConnectionistAW,
  title={Connectionist acoustic word models},
  author={Chuck Wooters and N. Morgan},
  journal={Neural Networks for Signal Processing II Proceedings of the 1992 IEEE Workshop},
  year={1992},
  pages={157-163}
}
